<record><leader>00000cas a2200000 a 4500</leader><controlfield tag="001">5591052</controlfield><controlfield tag="008">791026c19709999cau x ne      0   b0eng c</controlfield><datafield ind1=" " ind2=" " tag="010"><subfield code="a">sn 83003360 </subfield></datafield><datafield ind1=" " ind2=" " tag="040"><subfield code="a">CLU</subfield><subfield code="b">eng</subfield><subfield code="c">CLU</subfield><subfield code="d">UCU</subfield><subfield code="d">MUL</subfield><subfield code="d">NSD</subfield><subfield code="d">OCL</subfield><subfield code="d">CNK</subfield><subfield code="d">CNW</subfield><subfield code="d">HUL</subfield><subfield code="d">IXA</subfield><subfield code="d">NSD</subfield><subfield code="d">NVF</subfield><subfield code="d">IXA</subfield><subfield code="d">OCLCQ</subfield><subfield code="d">CNK</subfield><subfield code="d">OCLCF</subfield><subfield code="d">OCLCO</subfield><subfield code="d">OCLCQ</subfield><subfield code="d">OCLCO</subfield><subfield code="d">SFR</subfield><subfield code="d">OCLCQ</subfield></datafield><datafield ind1=" " ind2=" " tag="012"><subfield code="i">9412</subfield><subfield code="l">1</subfield></datafield><datafield ind1="1" ind2=" " tag="022"><subfield code="a">0741-0034</subfield><subfield code="l">0741-0034</subfield><subfield code="2">1</subfield></datafield><datafield ind1=" " ind2=" " tag="037"><subfield code="b">El Tecolote, 2958 24th St., San Francisco, CA 94110</subfield></datafield><datafield ind1="0" ind2=" " tag="041"><subfield code="a">eng</subfield><subfield code="a">spa</subfield></datafield><datafield ind1=" " ind2=" " tag="042"><subfield code="a">pcc</subfield><subfield code="a">nsdp</subfield></datafield><datafield ind1=" " ind2=" " tag="043"><subfield code="a">n-us-ca</subfield></datafield><datafield ind1="1" ind2="4" tag="050"><subfield code="a">F869.S39</subfield><subfield code="b">S758</subfield></datafield><datafield ind1="0" ind2=" " tag="130"><subfield code="a">Tecolote (San Francisco, Calif. : 1970)</subfield></datafield><datafield ind1=" " ind2="3" tag="222"><subfield code="a">El Tecolote</subfield><subfield code="b">(San Francisco, Calif.)</subfield></datafield><datafield ind1="1" ind2="3" tag="245"><subfield code="a">El tecolote.</subfield></datafield><datafield ind1=" " ind2=" " tag="260"><subfield code="a">San Francisco, Calif. :</subfield><subfield code="b">[publisher not identified],</subfield><subfield code="c">1970-</subfield></datafield><datafield ind1=" " ind2=" " tag="300"><subfield code="a">volumes :</subfield><subfield code="b">illustrations ;</subfield><subfield code="c">41-45 cm</subfield></datafield><datafield ind1=" " ind2=" " tag="310"><subfield code="a">Irregular,</subfield><subfield code="b">Feb. 1989-</subfield></datafield><datafield ind1=" " ind2=" " tag="321"><subfield code="a">Semimonthly,</subfield><subfield code="b">1970-Oct. 27, 1971</subfield></datafield><datafield ind1=" " ind2=" " tag="321"><subfield code="a">Irregular,</subfield><subfield code="b">Nov. 17, 1971-Mar. 29, 1972</subfield></datafield><datafield ind1=" " ind2=" " tag="321"><subfield code="a">Monthly,</subfield><subfield code="b">Apr. 1972-Dec. 1988</subfield></datafield><datafield ind1=" " ind2=" " tag="336"><subfield code="a">text</subfield><subfield code="b">txt</subfield><subfield code="2">rdacontent</subfield></datafield><datafield ind1=" " ind2=" " tag="337"><subfield code="a">unmediated</subfield><subfield code="b">n</subfield><subfield code="2">rdamedia</subfield></datafield><datafield ind1=" " ind2=" " tag="338"><subfield code="a">volume</subfield><subfield code="b">nc</subfield><subfield code="2">rdacarrier</subfield></datafield><datafield ind1="0" ind2=" " tag="362"><subfield code="a">Vol. 1, no. 1 (Aug. 24, 1970)-</subfield></datafield><datafield ind1=" " ind2=" " tag="515"><subfield code="a">Numbering ends with v. 19, no. 1 (Oct. 15-Nov. 15, 1988).</subfield></datafield><datafield ind1=" " ind2=" " tag="525"><subfield code="a">Some issues have separately-numbered, separately-paged inserts called: Revista literaria de El Tecolote, and: Tenaz talks teatro.</subfield></datafield><datafield ind1=" " ind2=" " tag="525"><subfield code="a">Has unnumbered supplements called: El Vocero and Youth focus.</subfield></datafield><datafield ind1=" " ind2=" " tag="530"><subfield code="a">Available on microfilm from Harvard University Library and Bay Microfilm, Inc., Palo Alto, Calif.</subfield></datafield><datafield ind1=" " ind2=" " tag="530"><subfield code="a">Recent issues also available on the Internet.</subfield></datafield><datafield ind1=" " ind2=" " tag="530"><subfield code="a">Master negatives are available for duplication from:</subfield><subfield code="b">California Newspaper Microfilm Archive;</subfield><subfield code="c">positive copies may be purchased by the reel; for further information consult the CNMA at:</subfield><subfield code="u">http://cbsr.ucr.edu</subfield></datafield><datafield ind1=" " ind2=" " tag="546"><subfield code="a">In English and Spanish; some issues have Spanish text on inverted pages.</subfield></datafield><datafield ind1=" " ind2=" " tag="550"><subfield code="a">Affliated with: Espina del Norte Publishing Co., &lt;1982&gt;-1987, Concilio Mujeres, &lt;1982&gt;-1986, and with: Accio&#769;n Latina, 1987-</subfield></datafield><datafield ind1=" " ind2=" " tag="588"><subfield code="a">Latest issue consulted: May 22-June 4, 2002.</subfield></datafield><datafield ind1=" " ind2="0" tag="650"><subfield code="a">Hispanic Americans</subfield><subfield code="z">California</subfield><subfield code="z">San Francisco</subfield><subfield code="v">Newspapers.</subfield></datafield><datafield ind1=" " ind2="0" tag="651"><subfield code="a">Mission District (San Francisco, Calif.)</subfield><subfield code="v">Newspapers.</subfield></datafield><datafield ind1=" " ind2="0" tag="651"><subfield code="a">San Francisco Bay Area (Calif.)</subfield><subfield code="v">Newspapers.</subfield></datafield><datafield ind1=" " ind2="7" tag="650"><subfield code="a">Hispanic Americans.</subfield><subfield code="2">fast</subfield><subfield code="0">(OCoLC)fst00957523</subfield></datafield><datafield ind1=" " ind2="7" tag="651"><subfield code="a">California</subfield><subfield code="z">San Francisco.</subfield><subfield code="2">fast</subfield><subfield code="0">(OCoLC)fst01204481</subfield></datafield><datafield ind1=" " ind2="7" tag="651"><subfield code="a">California</subfield><subfield code="z">San Francisco Bay Area.</subfield><subfield code="2">fast</subfield><subfield code="0">(OCoLC)fst01242397</subfield></datafield><datafield ind1=" " ind2="7" tag="651"><subfield code="a">California</subfield><subfield code="z">San Francisco</subfield><subfield code="z">Mission District.</subfield><subfield code="2">fast</subfield><subfield code="0">(OCoLC)fst01323368</subfield></datafield><datafield ind1=" " ind2="7" tag="655"><subfield code="a">Newspapers.</subfield><subfield code="2">fast</subfield><subfield code="0">(OCoLC)fst01423814</subfield></datafield><datafield ind1="1" ind2=" " tag="700"><subfield code="a">Huerta, Jorge A.</subfield><subfield code="t">TENAZ talks teatro.</subfield></datafield><datafield ind1="2" ind2=" " tag="710"><subfield code="a">Espina del Norte Publishing Co.</subfield></datafield><datafield ind1="2" ind2=" " tag="710"><subfield code="a">Concilio Mujeres.</subfield></datafield><datafield ind1="2" ind2=" " tag="710"><subfield code="a">Accio&#769;n Latina.</subfield></datafield><datafield ind1="0" ind2="2" tag="740"><subfield code="a">Revista literaria de El Tecolote.</subfield></datafield><datafield ind1="0" ind2="2" tag="740"><subfield code="a">Vocero (San Francisco, Calif.)</subfield></datafield><datafield ind1="0" ind2="2" tag="740"><subfield code="a">Youth focus.</subfield></datafield><datafield ind1=" " ind2=" " tag="752"><subfield code="a">United States</subfield><subfield code="b">California</subfield><subfield code="c">San Francisco</subfield><subfield code="d">San Francisco.</subfield></datafield><datafield ind1="1" ind2=" " tag="776"><subfield code="a">Microfilm</subfield><subfield code="d">Harvard University Library Microreproduction Dept.</subfield><subfield code="w">(DLC)sn 94032177</subfield><subfield code="w">(OCoLC)31451175</subfield></datafield><datafield ind1="0" ind2="5" tag="780"><subfield code="a">Huerta, Jorge A.</subfield><subfield code="t">TENAZ talks teatro</subfield><subfield code="w">(OCoLC)5347990</subfield><subfield code="g">Dec. 1982</subfield></datafield><datafield ind1=" " ind2=" " tag="850"><subfield code="a">TxU</subfield></datafield><datafield ind1="4" ind2="1" tag="856"><subfield code="u">http://www.ELTECOLOTE.ORG/</subfield></datafield><datafield ind1="1" ind2=" " tag="029"><subfield code="a">AU@</subfield><subfield code="b">000003041478</subfield></datafield></record>